% Luis de la pe√±a

@book{de2014introduccion,
  title={Introducci{\'o}n a la mec{\'a}nica cu{\'a}ntica},
  author={De La Pe{\~n}a, Luis},
  year={2014},
  publisher={Fondo de Cultura econ{\'o}mica}
}

% Cuantica Griffiths

@book{griffiths2018introduction,
  title={Introduction to quantum mechanics},
  author={Griffiths, David J and Schroeter, Darrell F},
  year={2018},
  publisher={Cambridge university press}
}

% Arfken

@book{arfken1999mathematical,
  title={Mathematical methods for physicists},
  author={Arfken, George B and Weber, Hans J},
  year={1999},
  publisher={American Association of physics teachers}
}